<record xmlns:xsi="http://www.w3.org/2001/XMLSchema-instance" xmlns="http://www.loc.gov/MARC21/slim" xsi:schemaLocation="http://www.loc.gov/MARC21/slim http://www.loc.gov/standards/marcxml/schema/MARC21slim.xsd">

  <leader>01405nab a2200169   4500</leader>
  <controlfield tag="005">20160331141815.0</controlfield>
  <controlfield tag="008">160119b2008    cr f|||| |||| 00| 0 spa d</controlfield>
  <datafield tag="090" ind1=" " ind2=" ">
    <subfield code="a">REVIS 06.02.01</subfield>
  </datafield>
  <datafield tag="100" ind1="1" ind2=" ">
    <subfield code="9">1292</subfield>
    <subfield code="a">Eduarte Salazar, José Pablo</subfield>
  </datafield>
  <datafield ind1="1" ind2="0" tag="245">
    <subfield code="a">María Eugenia Dengo Obregón: mujer de lectura, educación y cultura.../</subfield>
    <subfield code="c">José Pablo Eduarte Salazar</subfield>
  </datafield>
  <datafield tag="260" ind1=" " ind2=" ">
    <subfield code="a">San José, Costa Rica : </subfield>
    <subfield code="b">Editorial Universidad de Costa Rica,</subfield>
    <subfield code="c">2008</subfield>
  </datafield>
  <datafield tag="300" ind1=" " ind2=" ">
    <subfield code="a">páginas 117-124</subfield>
  </datafield>
  <datafield tag="520" ind1=" " ind2=" ">
    <subfield code="a">El artículo es una semblanza de la Licenciada María Eugenia Dengo Obregón viuda de Vargas que recorre la vida y obras  de esta dama en su faceta personal, profesional, pública y más recientemente como exponente dela cultura costarricense. Este documento es un sentido homenaje a la figura de esta incansable mujer, que con su lectura y escritura ha logrado dejar un legado en la eduacación costarricense, como profesora, decana, vicerrectora, ministra y ex ministra de educación pública. La Licda Dengo Obregón fue galardonada  con el premio nacional de Cultura "Magón 2007" otorgado por el Ministerio de Cultura Juventud de la República de Costa Rica a sus 82 años de edad. Honor al que honor merece</subfield>
  </datafield>
  <datafield tag="650" ind1="1" ind2="4">
    <subfield code="9">1</subfield>
    <subfield code="a">EDUCACIÓN</subfield>
  </datafield>
  <datafield ind2=" " ind1="0" tag="773">
    <subfield code="d">San José, Costa Rica : Editorial de la Universidad de Costa Rica, 1997-</subfield>
    <subfield code="o">R0310</subfield>
    <subfield code="t">EDUCACIÓN: Revista de la Universidad de Costa Rica</subfield>
    <subfield code="g">Vol.32, no.2 (2008)</subfield>
  </datafield>
  <datafield ind2=" " ind1=" " tag="942">
    <subfield code="2">z</subfield>
    <subfield code="c">10</subfield>
  </datafield>
  <datafield ind1=" " ind2=" " tag="999">
    <subfield code="c">3022</subfield>
    <subfield code="d">3022</subfield>
  </datafield>
</record>